% TODO FINISH
@book{ims,
    title = {Modelování a simulace - Studijní opora},
    author = {Petr Peringer},
    edition = {1},
    year = {2021},
    isbn = {},
    cited = {2024-22-02}
}

@misc{unity_website,
  title = {Unity Real-Time Development Platform | 3D, 2D, VR \& AR Engine},
  author = {{Unity Technologies}},
  cited = {2024-19-02},
  year = {2024},
  url = {https://unity.com/},
  howpublished = "online"
}

@misc{arnia_unity,
  title = {What Makes Unity So Popular in Game Development?},
  author = {{Arnia Software}},
  journal = {Arnia Software},
  cited = {2024-19-02},
  year = {2022},
  howpublished = "online",
  url = {https://www.arnia.com/what-makes-unity-so-popular-in-game-development/}
}

@BOOK{Valencia-Garcia_2016,
  place={Cham},
  title={Technologies and Innovation: Second International Conference, Citi 2016, Guayaquil, Ecuador, November 23-25, 2016, Proceedings},
  publisher={Springer},
  author={Valencia-García, Rafael},
  year={2016},
  isbn =  {9783319480244},
  url = {https://books.google.cz/books?id=bZZyDQAAQBAJ&pg=PA146&redir_esc=y#v=onepage&q&f=false},
  edition = {1}
}

@book{hocking2015unity,
  title={Unity in Action: Multiplatform Game Development in C\#},
  author={Hocking, J.},
  isbn={9781617292323},
  lccn={2015297173},
  url={https://books.google.cz/books?id=jXXIrQEACAAJ},
  year={2015},
  publisher={Manning Publications Company},
  edition = {2}
}

@book{sanders2016introduction,
  title={An Introduction to Unreal Engine 4},
  author={Sanders, A.},
  isbn={9781498765107},
  url={https://books.google.cz/books?id=2i8NDgAAQBAJ},
  year={2016},
  publisher={CRC Press},
  edition = {1}
}

@misc{SlashData_game-engines,
  title = {Did you know that 60\% of game developers use game engines?},
  author = {SlashData Team},
  howpublished = {Online},
  year = {2023},
  month = {December},
  url = {https://www.slashdata.co/post/did-you-know-that-60-of-game-developers-use-game-engines},
  journal = {SlashData},
  publisher = {SlashData Team},
  cited = {2024-20-02},
}

@misc{Kevuru_Games_Unreal-Unity,
  title = {Unity vs Unreal Engine: Pros and Cons},
  author = {{Kevuru Games}},
  howpublished = {Online},
  year = {2023},
  month = {March},
  url = {https://kevurugames.com/blog/unity-vs-unreal-engine-pros-and-cons/},
  journal = {Kevuru Games},
  publisher = {Kevuru Games},
  cited = {2024-20-02}
}

@article{UnrealEngine5,
    author = {El-Wajeh, Yasin A M and Hatton, Paul V and Lee, Nicholas J},
    title = {Unreal Engine 5 and immersive surgical training: translating advances in gaming technology into extended-reality surgical simulation training programmes},
    journal = {British Journal of Surgery},
    volume = {109},
    number = {5},
    pages = {470-471},
    year = {2022},
    month = {02},
    issn = {0007-1323},
    doi = {10.1093/bjs/znac015},
    url = {https://doi.org/10.1093/bjs/znac015},
    eprint = {https://academic.oup.com/bjs/article-pdf/109/5/470/50747428/znac015.pdf},
    edition = {1},
    cited = {2024-20-02}
} % if  Issue  == edition then 5

@misc{unreal_engine,
  title = {Unreal Engine},
  author = {{Epic Games}},
  howpublished = {Online},
  year = {2024},
  url = {https://www.unrealengine.com/en-US},
  organization = {Unreal Engine},
  cited = {2024-20-02}
}

@misc{Godot_Engine_consoles,
  title = {Godot and consoles: All you need to know},
  author = {{Godot Engine, Juan Linietsky}},
  howpublished = {Online},
  year = {2022},
  month = {July},
  url = {https://godotengine.org/article/godot-consoles-all-you-need-know/},
  journal = {Godot Engine},
  cited = {2024-20-02}
}

@book{bradfield2018godot,
  title={Godot Engine Game Development Projects: Build five cross-platform 2D and 3D games with Godot 3.0},
  author={Bradfield, C.},
  isbn={9781788836425},
  url={https://books.google.cz/books?id=KMNiDwAAQBAJ},
  year={2018},
  publisher={Packt Publishing},
  edition = {1}
}

@proceedings{GameEngineWizardry,
    author = {van Rozen, Riemer},
    title = {PAINT 2023: Proceedings of the 2nd ACM SIGPLAN International Workshop on Programming Abstractions and Interactive Notations, Tools, and Environments},
    year = {2023},
    isbn = {9798400703997},
    publisher = {Association for Computing Machinery},
    address = {New York, NY, USA},
    location = {Cascais, Portugal},
    url = {https://doi.org/10.1145/3623504.3623570}
}

@misc{Godot_Engine,
  title = {Godot Engine},
  author = {{Godot Engine}},
  howpublished = {Online},
  year = {2024},
  url = {https://godotengine.org},
  journal = {Godot Engine},
  publisher = {Juan Linietsky, Ariel Manzur, and contributors},
  cited = {2024-20-02}
}

@InCollection{sep-cellular-automata,
    author       = {Berto, Francesco and Tagliabue, Jacopo},
    title        = {Cellular Automata},
    booktitle    = {The Stanford Encyclopedia of Philosophy},
    editor       = {Edward N. Zalta and Uri Nodelman},
    howpublished = {online},
    url          = {https://plato.stanford.edu/archives/win2023/entries/cellular-automata/},
    year         = {2023},
    edition      = {Winter 2023},
    publisher    = {Metaphysics Research Lab, Stanford University},
    issn = {1095-5054},
    cited = {2024-22-02}
}

@misc{LifeWiki,
    author = {LifeWiki},
    title = {Rulestring},
    howpublished = {online},
    url = {https://conwaylife.com/wiki/Rulestring},
    journal = {LifeWiki},
    cited = {2024-22-02},
    year = {2023}
}

@book{sloot2004cellular,
  title={Cellular Automata: 6th International Conference on Cellular Automata for Research and Industry, ACRI 2004, Amsterdam, The Netherlands, October 25-28, 2004. Proceedings},
  author={Sloot, P.M.A. and Chopard, B. and Hoekstra, A.G.},
  isbn={9783540304791},
  series={Lecture Notes in Computer Science},
  url={https://books.google.cz/books?id=xTLyBwAAQBAJ},
  year={2004},
  publisher={Springer Berlin Heidelberg},
  edition={1}
}

@article{mechanics-CA,
  title = {Statistical mechanics of cellular automata},
  author = {Wolfram, Stephen},
  journal = {Rev. Mod. Phys.},
  volume = {55},
  issue = {3},
  pages = {601--644},
  numpages = {0},
  year = {1983},
  month = {Jul},
  publisher = {American Physical Society},
  doi = {10.1103/RevModPhys.55.601},
  url = {https://link.aps.org/doi/10.1103/RevModPhys.55.601},
  cited = {2024-23-02},
  edition = {1},
  number = {55}
}

@book{wolfram-NewKindOfScience,
  title={A New Kind of Science},
  author={Wolfram, S.},
  isbn={9781579550080},
  lccn={2001046603},
  url={https://books.google.cz/books?id=dw_vAAAAMAAJ},
  year={2002},
  publisher={Wolfram Media},
  edition = {1}
}

@book{schiff2011cellular,
  title={Cellular Automata: A Discrete View of the World},
  author={Schiff, J.L.},
  isbn={9781118030639},
  lccn={2007042557},
  series={Wiley Series in Discrete Mathematics \& Optimization},
  url={https://books.google.cz/books?id=uXJC2C2sRbIC},
  year={2011},
  publisher={Wiley},
  edition={1},
}

@inproceedings{Procedural_Game_Map,
author = {Wu, Zhixuan and Mao, Yuwei and Li, Qiyu},
title = {Procedural Game Map Generation using Multi-leveled Cellular Automata by Machine learning},
year = {2021},
isbn = {9781450395588},
publisher = {Association for Computing Machinery},
address = {New York, NY, USA},
url = {https://doi.org/10.1145/3500931.3500962},
doi = {10.1145/3500931.3500962},
booktitle = {Proceedings of the 2nd International Symposium on Artificial Intelligence for Medicine Sciences},
organization = {ACM}
}

@misc{Minecraft,
    title={The World Generation of Minecraft},
    url={https://www.alanzucconi.com/2022/06/05/minecraft-world-generation/},
    journal={Alan Zucconi},
    author={Alan Zucconi},
    year={2023},
    month={Mar},
    cited = {2024-27-02}
}

@article{DBLP:journals/corr/abs-1304-7185,
  author       = {Pablo Arrighi and
                  Nicolas Schabanel and
                  Guillaume Theyssier},
  title        = {Stochastic Cellular Automata: Correlations, Decidability and Simulations},
  journal      = {CoRR},
  volume       = {abs/1304.7185},
  number       = {abs/1304.7185},
  year         = {2013},
  url          = {http://arxiv.org/abs/1304.7185},
  eprinttype    = {arXiv},
  eprint       = {1304.7185},
  timestamp    = {Mon, 13 Aug 2018 16:45:56 +0200},
  biburl       = {https://dblp.org/rec/journals/corr/abs-1304-7185.bib},
  bibsource    = {dblp computer science bibliography, https://dblp.org},
  edition = {1}
}

@misc{CaveCA,
    title={Generate random cave levels using cellular automata: Envato tuts+},
    url={https://code.tutsplus.com/generate-random-cave-levels-using-cellular-automata--gamedev-9664t},
    journal={Code Envato Tuts+},
    publisher={Envato Tuts},
    author={Cook, Michael},
    year={2013},
    month={Jul},
    cited = {2024-27-02}
}

@misc{OCA:Maze,
    author = {LifeWiki},
    title = {OCA:Maze},
    howpublished = {online},
    url={https://conwaylife.com/wiki/OCA:Maze},
    journal={LifeWiki},
    cited = {2024-27-02},
    year = {2022}
}

@book{pickover2009math,
  title={The Math Book: From Pythagoras to the 57th Dimension, 250 Milestones in the History of Mathematics},
  author={Pickover, C.A.},
  isbn={9781402757969},
  lccn={2008043214},
  series={Sterling Milestones Series},
  url={https://books.google.cz/books?id=JrslMKTgSZwC},
  year={2009},
  publisher={Sterling},
  edition = {1}
}

@article{history_CA,
author = {Sarkar, Palash},
title = {A brief history of cellular automata},
year = {2000},
issue_date = {March 2000},
publisher = {Association for Computing Machinery},
address = {New York, NY, USA},
volume = {32},
number = {1},
issn = {0360-0300},
url = {https://doi.org/10.1145/349194.349202},
journal = {ACM Comput. Surv.},
month = {mar},
pages = {80–107},
numpages = {28},
edition = {1}
}

@book{theory_neumann,
author = {Neumann, John Von and Burks, Arthur W.},
title = {Theory of Self-Reproducing Automata},
year = {1966},
publisher = {University of Illinois Press},
address = {USA},
isbn={9780598377982},
edition = {1}
}

@misc{self-replicating-machines,
  title = {Self-replicating machines},
  author = {},
  howpublished = {\url{https://www.srm.org.uk/introduction2.html}},
  note = {Accessed: Date},
}

@book{Game_Of_Life,
author = {Adamatzky, Andrew},
title = {Game of Life Cellular Automata},
year = {2010},
isbn = {1849962162},
publisher = {Springer Publishing Company, Incorporated},
edition = {1st},
}